% This file was created with JabRef 2.9.2.
% Encoding: UTF-8

@MISC{site:adobestage3d,
  author = {Adobe},
  title = {How stage3d works},
  year = {2013},
  note = {[Online; controllata il 1-aprile-2013]},
  owner = {luigi},
  timestamp = {2013.04.02},
  url = {\url{http://www.adobe.com/devnet/flashplayer/articles/how-stage3d-works.html}}
}

@BOOK{book:realtimerendering,
  title = {Real-Time Rendering},
  publisher = {A K Peters, Ltd.},
  year = {2008},
  editor = {A K Peters, Ltd.},
  author = {Tomas Akenine-MÃ¶ller and Eric Haines and Naty Hoffman},
  pages = {1},
  edition = {3rd},
  owner = {luigi},
  timestamp = {2013.03.30}
}

@MISC{site:unigineannounce,
  author = {UNIGINE Corp.},
  title = {UNIGINE's Crypt demo is ported into a browser},
  year = {2013},
  note = {[Online; controllata il 1-aprile-2013]},
  owner = {luigi},
  timestamp = {2013.04.03},
  url = {\url{http://unigine.com/news/2013/02/20/crypt-in-browser}}
}

@BOOK{book:designpattern,
  title = {Design Patterns: Elements of Reusable Object-Oriented Software},
  publisher = {AddisonWesley Professional},
  year = {1994},
  author = {Erich Gamma and Richard Helm and Ralph Johnson and John Vlissides},
  owner = {luigi},
  timestamp = {2013.03.18}
}

@BOOK{book:computernetworking,
  title = {Computer Networking - A Top-Down Approach},
  publisher = {Addison Wesley},
  year = {2012},
  author = {Kurose J. and Ross K.},
  edition = {6th},
  owner = {luigi},
  timestamp = {2013.03.26}
}

@MISC{site:mozillaunrealannounce,
  author = {Mozilla},
  title = {Mozilla is Unlocking the Power of the Web as a Platform for Gaming},
  year = {2013},
  note = {[Online; controllata il 1-aprile-2013]},
  owner = {luigi},
  timestamp = {2013.04.01},
  url = {\url{https://blog.mozilla.org/blog/2013/03/27/mozilla-is-unlocking-the-power-of-the-web-as-a-platform-for-gaming/}}
}

@MISC{wiki:rendering-en,
  author = {Wikipedia},
  title = {Rendering --- {W}ikipedia{,} The Free Encyclopedia},
  year = {2013},
  note = {[Online; accessed 1-April-2013]},
  url = {\url{http://en.wikipedia.org/w/index.php?title=Rendering_(computer_graphics)&oldid=542051916}}
}

@MISC{wiki:rendering-it,
  author = {Wikipedia},
  title = {Rendering --- Wikipedia{,} L'enciclopedia libera},
  year = {2013},
  note = {[Online; controllata il 1-aprile-2013]},
  url = {\url{http://it.wikipedia.org/w/index.php?title=Rendering&oldid=57850976}}
}

@MISC{url:agiledevmanifest,
  title = {Manifesto for Agile Software Development},
  year = {2001},
  note = {Online - controllata il 28-marzo-2013},
  owner = {luigi},
  timestamp = {2013.03.28},
  url = {\url{http://agilemanifesto.org/}}
}

